@book{bookalg,
  title={Алгоритмы: построение и анализ},
  author={Кормен, Томас},
  year={2009},
  publisher={Вильямс}
}
@book{bookalg1,
  title={Искусство программирования. Том 1. Основные алгоритмы},
  author={Кнут, Дональд},
  year={2015},
  publisher={Addison-Wesley}
}
@book{bookalg2,
  title={Алгоритмы: введение в разработку и анализ},
  author={Левитин, Ананий},
  year={2006},
  publisher={Вильямс}
}
@misc{alg,
 title={Лекции по предмету "Алгоритмы и структцры данных"},
 url={https://drive.google.com/drive/folders/1PtZ6U_928G3DnjFn0_Hv3Rplo-iFvQa-?usp=share_link}
}
